1623 3160
260 398 484 444 rint3mnj=1s
500 399 585 440 fere,
622 406 721 444 quam
744 406 782 434 ut
805 394 913 446 {eaor
928 397 996 443 ipse
1017 380 1051 433 fe
1075 398 1273 440 contineret,
1303 405 1422 432 uocem

258 458 291 490 ἃ
307 455 459 491 affectum
483 465 663 501 premeret,
685 464 765 496 {non
787 458 824 490 se
836 451 969 491 'testem
980 441 1129 492 interesse
1152 458 1344 497 laetantibus
1369 470 1421 492 au·

256 517 418 552 tumaret?
443 515 488 563 *)
520 516 624 566 Qod
648 514 770 552 urbem
788 513 858 556 *U
884 510 948 552 fitu
972 515 1251 569 commendatam,
1280 515 1312 549 δι
1334 509 1428 560 quasi

257 581 408 615 Deorum
429 581 565 615 numine
585 578 730 623 beatam,
765 580 823 627 qui
838 576 937 614 rebus
959 578 1141 616 incolarum
1166 563 1329 617 intersint,
1366 575 1423 610 flo-

258 638 404 677 rentibus
427 641 625 688 pascuorum
649 651 907 689 oemporumque
925 637 1137 688 proventibus
1156 638 1201 672 ita
1224 637 1352 683 pingat,
1386 643 1424 669 ut

259 714 328 750 non
357 700 433 738 inde
461 699 676 750 expeditionis
700 704 834 747 alicujus
853 690 917 742 vel,
933 701 1187 756 oppugnationis
1210 695 1330 742 exitus,
1362 690 1425 736 nec

258 772 395 798 eventus
418 763 532 810 aliquis
554 765 688 810 historin
710 765 829 810 dignus
849 762 1076 809 explicaretur,
1110 761 1166 796 sed
1188 756 1255 795 sola
1274 759 1424 806 voluptas

256 821 381 869 legenti
407 825 614 860 excitaretur!
644 824 748 876 Qod
773 833 949 871 magnum,
980 832 1192 870 ceterumque
1217 824 1360 868 negotiis
1379 821 1424 856 di-

255 884 400 921 strfflum
417 887 650 932 imperatorem
668 887 841 922 occasione
858 887 983 921 itineris
1000 897 1059 932 per
1075 887 1257 937 Graeciam,
1285 896 1321 919 ea
1340 895 1423 933 quae

257 946 304 982 ob
321 950 517 983 memoriam
535 950 732 995 antiquitatis
751 958 857 994 grata,
886 959 955 983 non
971 957 1097 982 tautum
1117 941 1199 993 quae
1218 944 1262 981 ob
1280 944 1422 991 praesen-

258 1017 326 1043 tem
354 1009 574 1045 necessitatem
597 1011 707 1054 gravia
732 1019 839 1052 erant,
877 1010 965 1057 quast
987 1010 1043 1055 qui
1066 1007 1132 1054 ipse
1159 1019 1237 1044 cum
1267 1008 1350 1043 duce
1374 1005 1421 1040 lu-

257 1068 384 1111 malfet,
412 1068 575 1105 lediorum
594 1072 709 1105 animis
724 1065 959 1117 repraesentet!
982 1069 1071 1114 ***)
1095 1068 1197 1120 Qiod
1215 1068 1370 1114 gaudium
1390 1069 1422 1104 δε

256 1128 747 1179 εοιιςιιιιιιΙιιιίοιιεηιεοιιιειῑιιί
759 1131 865 1167 adhuc
880 1132 1057 1172 exercitus,
1084 1140 1181 1174 quem
1202 1126 1335 1163 vidioria
1353 1141 1421 1180 non

255 1190 372 1237 praeda
404 1199 529 1227 tantum
555 1191 725 1235 ditaverat,
761 1194 815 1240 qui
843 1202 880 1227 ut
906 1202 1022 1226 omnes
1051 1181 1086 1225 in
1114 1191 1203 1236 gravi
1236 1190 1420 1224 discrimine
1475 1213 1477 1216 .

256 1251 397 1288 vistores
423 1265 492 1289 non
518 1256 635 1296 vitam,
680 1254 940 1290 incolumitatem
967 1263 1091 1287 tantum
1115 1238 1336 1298 recuperatam
1361 1251 1422 1287 fibi

257 1313 486 1359 gratularetur3
514 1314 575 1366 sed!
588 1325 625 1351 ut
642 1314 721 1350 nulli
741 1315 793 1350 alii
811 1314 913 1361 vulgo
931 1313 1072 1349 vffiores
1092 1325 1132 1348 ex
1152 1313 1302 1348 servitute
1322 1316 1420 1349 etiam

256 1375 458 1419 libertatem,
489 1378 653 1412 civitatem
677 1377 735 1412 fibi
760 1387 882 1424 partam
903 1378 935 1412 &
950 1386 1058 1411 natam
1076 1374 1215 1418 videret,
1246 1377 1289 1410 ita
1309 1375 1420 1413 descri-

257 1436 326 1479 bat,
358 1447 394 1471 ut
413 1448 488 1471 cum
503 1439 616 1476 vicinis
637 1439 668 1471 δε
686 1438 803 1473 incolis
822 1442 976 1483 regiones
994 1437 1094 1482 ipsae,
1122 1436 1230 1481 gaudii
1250 1438 1420 1482 participes

255 1498 379 1540 forent,
409 1507 460 1540 ut,
488 1499 572 1532 Livii
590 1496 732 1543 picium,
771 1499 859 1545 quasi
883 1498 1017 1541 alicujus
1039 1499 1074 1531 in
1092 1498 1152 1531 hac
1175 1506 1242 1532 arte
1266 1499 1419 1543 principis

254 1570 370 1593 aevum
387 1560 498 1605 potius
516 1557 618 1609 latura
634 1559 812 1603 videretur,
838 1570 933 1607 quam
954 1557 1059 1599 tabula
1076 1559 1144 1601 ejus
1163 1558 1275 1593 scenae
1294 1561 1420 1594 Romae

254 1621 435 1668 proposita!
453 1621 490 1667 †)
516 1621 620 1672 Quod
633 1620 758 1657 Claudii
770 1623 927 1665 Neronis,
954 1622 1009 1668 qui
1023 1619 1233 1655 Asdrubalem
1249 1620 1419 1664 devicerat,

255 1682 443 1729 Italiamque
461 1695 504 1718 eo
522 1684 675 1726 servarat,
705 1684 828 1719 reditus
848 1696 907 1730 per
922 1685 1051 1719 Latium
1070 1684 1101 1717 &
1126 1684 1332 1729 Campaniam
1350 1696 1420 1730 per-

254 1753 357 1793 petuo
384 1744 551 1790 triumpho
570 1744 706 1780 similior
724 1754 889 1791 appareat,
922 1755 1019 1791 quam
1038 1741 1159 1782 itineri!
1184 1744 1286 1793 Qod
1303 1745 1334 1778 P.
1355 1747 1418 1780 Sci-

255 1806 363 1849 pionis
397 1815 549 1850 apparatu
576 1815 688 1840 contra
711 1806 853 1839 Africam
885 1807 997 1839 omnia
1019 1806 1054 1838 in
1084 1803 1188 1838 Sicilia
1214 1806 1418 1851 constrepere
1447 1852 1452 1856 ,

254 1866 367 1906 facian
398 1866 488 1910 quod
507 1865 607 1901 Paulli
626 1866 755 1901 Aemilii
773 1868 808 1901 i‘n
825 1866 1020 1900 Macedonia
1045 1864 1141 1898 castra
1162 1867 1287 1900 virtutis
1312 1878 1417 1906 novae

254 1927 286 1960 &
304 1925 370 1972 spei
385 1925 480 1971 plena
496 1926 613 1973 spirare
630 1927 720 1961 ducis
738 1936 883 1969 mentem
900 1927 1009 1960 faciat!
1033 1925 1135 1977 Qod
1154 1937 1194 1960 ex
1213 1926 1309 1961 altera
1328 1938 1419 1973 parte

252 1987 356 2021 modo
372 1989 408 2022 in
427 1990 582 2029 exercitu,
609 1989 711 2023 modo
726 1990 760 2023 in
778 1987 858 2023 urbe
877 1994 1001 2022 metum
1015 1990 1048 2022 in
1067 1986 1163 2022 rebus
1183 1989 1330 2038 trepifiir„
1354 1992 1417 2024 ani-

251 2058 326 2084 mos
344 2046 499 2093 armam,
524 2049 781 2097 desperationem
793 2052 1020 2098 Romanorum
1036 2058 1190 2095 exponat,
1217 2060 1319 2096 quum
1338 2049 1417 2085 alter

1309 2115 1416 2146 -Anni-

316 2267 341 2298 ⁶)
358 2267 385 2293 L.
402 2273 443 2300 23.
460 2275 480 2292 e.
499 2274 539 2300 32.
559 2275 599 2301 ³3·

314 2320 352 2351 '')
369 2320 480 2346 Crotona
494 2320 508 2346 l.
522 2328 563 2351 ις.
580 2329 599 2346 c,
613 2328 635 2354 3.

312 2374 366 2407 “··)
380 2375 411 2401 L.
425 2381 465 2407 ⁴5.
478 2382 499 2401 e.
510 2381 549 2408 27.
563 2383 582 2401 c.
596 2380 637 2406 η.

312 2428 339 2458 ὴ)
360 2428 387 2452 L.
404 2435 443 2457 u.
461 2436 482 2454 c.
502 2435 539 2459 ις.

314 2479 356 2514 t†)
377 2479 405 2506 1..
422 2486 461 2513 ιγ.
478 2488 500 2508 c.
517 2487 559 2514 ⁴5·
