1623 3160
84 380 137 411 10·

252 452 456 491 Probabilem
480 454 525 487 fic
556 452 661 488 ubivis
686 444 905 488 narrationem
923 449 1072 499 praestat.
1130 457 1220 504 Idem
1243 449 1352 493 tamen
1376 469 1414 494 ea
1458 482 1464 485 -

252 515 316 562 ipsa
338 524 421 556 arte,
458 512 549 559 quod
561 515 729 549 interiora
753 515 938 549 animorum
955 514 1049 549 simul
1063 526 1144 551 cum
1162 520 1301 551 externis
1316 517 1413 552 rebus
1442 525 1448 528 “

231 567 374 622 pingit,
406 575 527 622 priscis
541 573 746 622 temporibus
770 561 916 622 aliquem·
929 574 1023 610 simul
1046 574 1134 609 addit
1153 586 1314 610 ornatum.
1356 578 1413 612 Sic

249 637 319 673 ludi
336 639 517 685 pinguntur
531 649 549 672 a
560 636 707 674 Romulo
719 637 863 673 finitimis
877 637 957 681 dati,
980 637 1031 678 su:¹
1037 646 1145 683 raptus
1163 635 1359 684 Sabinarum.
1372 626 1412 676 ⁴¹²)

251 702 302 736 Sic
320 700 498 736 decertatio
516 702 733 736 Horatiorum
755 701 797 735 δι’
805 701 1024 736 Curiatiorum
1042 698 1102 743 *ἢ
1125 700 1156 734 &
1175 709 1257 745 quae
1277 708 1349 732 eam
1368 696 1410 731 se-

250 772 407 808 quuntur,
440 764 584 796 .Horatii
612 757 714 796 caussa
745 761 871 797 Romae
904 761 990 804 adia,
1033 763 1064 795 &
1099 760 1179 795 Alba
1210 762 1327 805 Longa
1346 758 1410 793 ·de-

246 821 370 857 strusta.
396 821 486 865 '‘**)
533 821 733 870 Supplicium
755 824 929 863 Juniorum
949 825 985 856 L.
1007 824 1094 863 Junii
1116 821 1269 857 filiorum.
1291 820 1409 866 ’(Ηὲ)

216 872 220 877 ⁸
246 881 377 920 Obseffa
395 887 623 919 Romanorum
641 883 745 918 castra.
763 883 797 927 †)
846 886 885 918 Se
906 883 1008 930 ipsum
1027 894 1136 919 tamen
1152 882 1306 930 superasse
1324 881 1409 917 vide-

221 943 226 949 ’
245 955 300 981 tur
327 945 485 980 narrando
509 944 562 979 vel
585 945 753 990 pingendo
776 947 887 990 potius
913 945 1086 980 Fabiorum
1111 944 1350 994 profefflonem
1368 955 1409 977 ex

246 1007 411 1053 urbe;·††)
447 1009 478 1042 ὅτ.
499 1005 588 1042 urbis
607 1009 733 1042 Romae
759 1008 1055 1054 expugnationem..
1097 1010 1128 1042 Si
1148 1006 1252 1042 ubivis
1276 1005 1407 1054 quidem

241 1071 276 1102 in
298 1081 369 1102 rem
394 1068 595 1113 praesentem
620 1067 779 1118 lestorem
804 1068 964 1103 deducere
988 1069 1106 1111 studet,
1137 1072 1181 1103 ita
1201 1080 1237 1104 ut
1260 1069 1407 1105 inteteffe

240 1128 355 1172 rebus,
388 1140 471 1176 quae
488 1131 592 1176 'quam
619 1130 760 1164 maxime
782 1128 876 1172 fiant,
914 1129 1075 1174 videatur3
1108 1130 1163 1164 hic
1185 1124 1405 1170 tamennovis

240 1192 328 1238 quasi
346 1190 514 1226 coloribus
533 1191 625 1225 usum
644 1192 852 1235 reperiemus.
873 1191 945 1234 †-††)

331 1250 435 1287 Facile
460 1263 557 1294 vero,
597 1252 623 1286 ss
652 1252 733 1286 haec
763 1262 839 1286 cum
866 1263 991 1294 rerum,
1029 1263 1111 1299 quae
1140 1252 1249 1298 postea
1279 1263 1404 1287 merno-

237 1315 354 1349 randae
375 1324 481 1356 erant,
507 1315 709 1348 enarratione
729 1315 941 1359 compararis,
968 1300 1145 1358 intelliges,
1167 1316 1296 1349 Livium
1318 1316 1423 1349 circa‘

238 1375 467 1423 antiquissima·
488 1384 636 1422 tempora
667 1373 769 1419 longe
804 1374 1066 1409 abstinentiorcm
1106 1376 1136 1409 δι
1170 1376 1402 1410 modestiorem

238 1438 337 1486 fuiss‘e.
392 1442 438 1472 Ita
456 1450 524 1472 non
548 1449 664 1473 omnes
689 1448 837 1479 ornatus,
870 1448 954 1483 quos
976 1436 1093 1483 poss'et,
1122 1437 1251 1481 addidit,
1275 1438 1327 1474 sed
1348 1451 1400 1475 cas

233 1498 338 1533 modo
359 1497 476 1539 lineas,
511 1508 569 1531 eos
596 1497 725 1531 colores
749 1496 848 1537 rebus
874 1498 984 1542 priscis
1011 1498 1115 1538 dedit,
1149 1499 1236 1532 nulla
1260 1505 1398 1536 recentis
1420 1492 1427 1500 ⁴

233 1563 303 1596 aevi
318 1560 393 1595 luce
413 1560 509 1595 affusa
530 1571 567 1595 ut
582 1571 785 1606 nequaquam
801 1558 1010 1605 impedirent,
1040 1570 1107 1606 quo
1127 1562 1233 1596 minus
1253 1565 1398 1610 origines

232 1633 341 1656 rerum
358 1625 580 1655 Romanarum
599 1620 752 1654 omnibus
770 1621 847 1654 scite
867 1621 1000 1666 quidem
1019 1623 1049 1663 ἕρ
1066 1625 1244 1658 conmode
1263 1625 1397 1673 descrip—

230 1694 281 1718 tae
304 1683 506 1726 viderentur,
541 1682 661 1729 priscae
684 1691 794 1717 tamen
818 1683 952 1729 ejusque
976 1685 1113 1719 omnino
1143 1689 1312 1732 temporis,
1331 1689 1395 1725 ess'e

231 1754 428 1791 apparerent.

274 1806 277 1811 ¹
324 1807 408 1856 Nam
436 1806 470 1839 in
499 1803 766 1850 descriptionibus
793 1804 871 1847 suis,
908 1806 1006 1851 inque
1030 1809 1188 1843 narrando
1215 1812 1393 1856 imaginem

231 1869 442 1914 antiquitatis,
474 1876 510 1902 ut
529 1866 695 1908 redderet,
725 1878 763 1901 ea
781 1866 827 1901 illi
844 1869 947 1913 prima
965 1869 1032 1903 fere
1051 1868 1103 1904 lex
1123 1871 1298 1909 videbatur.

1291 1935 1394 1986 Quod

476 2024 801 2035 ———-—————

289 2070 314 2120 ‘j
337 2088 352 2113 1.
373 2096 392 2114 1.
411 2095 430 2113 c.
448 2094 473 2119 9.

289 2143 325 2174 ··)
341 2142 357 2167 1.
374 2149 394 2167 c.
411 2131 454 2173 25J
469 2141 508 2167 26.
526 2146 568 2173 27.

289 2195 337 2227 ···)
359 2194 375 2219 l.
396 2201 416 2220 1.
434 2201 453 2218 c.
472 2200 512 2225 29.

290 2249 349 2280 ····>
366 2248 381 2273 1.
399 2256 423 2275 ι.
440 2256 459 2273 c.
481 2253 502 2279 ς.
552 2231 556 2240 ”

287 2303 348 2334 †)1.
365 2310 388 2329 2.
407 2310 426 2327 c.
444 2309 484 2334 45-

287 2356 328 2387 ††>
352 2357 370 2381 1
388 2362 413 2382 2
429 2363 448 2381 t
467 2360 507 2387 49-

285 2409 347 2443 †††)
367 2410 459 2435 Iterum
476 2408 622 2443 singularem
640 2408 744 2434 omnino
764 2406 881 2442 pingendi
897 2407 919 2433 ἃ
932 2407 1080 2435 voluntatem
1093 2410 1115 2436 ἃ
1128 2417 1203 2439 artem
1220 2422 1277 2448 prae
1295 2415 1318 2442 st
1329 2416 1384 2451 sen

350 2457 410 2482 dum
426 2456 533 2481 'lulliam
551 2457 652 2489 ejusque
667 2457 693 2480 in
700 2454 760 2480 aula
777 2457 886 2481 Romana
901 2463 954 2480 vere
972 2457 1059 2490 tragica
1076 2456 1161 2485 scelera
1179 2462 1196 2487 Ι.
1211 2470 1231 2489 ι.
1247 2472 1266 2489 c.
1280 2467 1321 2495 46.
1338 2467 1382 2491 ire-

350 2511 420 2533 rum,
441 2511 519 2536 quum
537 2503 673 2534 Lucretiae,
695 2503 717 2527 ἃ
730 2509 797 2533 tum,
820 2510 898 2534 quum
916 2502 1041 2535 Vinginiae
1052 2504 1132 2531 casum
1150 2508 1165 2533 Ι.
1181 2515 1203 2541 3.
1221 2517 1242 2536 e.
1259 2519 1299 2543 ⁴0·
1315 2511 1381 2546 seqq

350 2556 437 2577 narrat.
470 2551 510 2576 Ad
523 2558 582 2584 quas
595 2550 685 2576 tabulas
698 2548 820 2576 historicas
835 2548 915 2583 postea
932 2552 1105 2585 regrediemur.
