1623 3160
247 439 377 489 scriptas
403 433 507 478 dabat
553 427 723 477 Romanis
741 435 882 501 quoqqe,
909 441 1035 488 volupe
1063 452 1146 486 erat,
1183 455 1235 479 res
1249 413 1336 479 suas
1359 455 1411 479 ιιι-

240 504 398 549 scentes,
410 503 633 551 exqquarvis
651 504 752 538 initiis
768 497 894 559 seusun
897 502 1081 538 crescentes
1093 504 1290 554 cognoviffe.
1330 494 1431 551 [deo
1434 536 1437 539 f

240 565 300 601 vel
309 565 427 618 pla'ne
442 564 588 602 obsoleta
606 576 736 608 rerum,
766 563 820 600 vel
843 571 994 611 ternpore
1018 563 1089 617 ipso
1113 564 1280 602 obscurata
1299 566 1344 600 ita'
1363 556 1409 601 ob

247 612 366 663 oculos
404 637 530 675 ponere
561 614 700 679 debebat
733 625 895 671 audior,
909 627 996 674 quasi
1029 637 1112 674 quae
1140 637 1238 674 quam
1266 628 1407 675 maxime

245 698 317 724 turn
329 690 472 724 fierent.
542 675 670 724 Fabulis
694 690 797 734 igitur
820 691 985 735 inquinata
1011 690 1036 725 si
1064 700 1133 724 aon
1162 672 1333 736 omnibuS,
1374 698 1409 724 at
1466 723 1470 728 ,

243 761 342 798 quam
360 745 552 785 feediffitnis
572 749 777 796 expurganda
794 759 900 792 erant,
931 761 973 786 ne
994 747 1179 795 aequalibus
1197 752 1280 785 Livii
1297 750 1404 785 taedio

240 812 367 854 sorent3
390 814 515 855 tenuia,
545 811 639 847 exilia
654 813 698 846 ita
717 820 808 846 erant
824 810 984 862 ornanda,
1009 819 1046 845 ut
1062 809 1287 847 delicatiorum
1305 810 1420 863 lec'ioj

1452 770 1464 785 θ

237 881 314 909 rum
331 868 464 909 vmentes
491 883 603 908 tenere
623 871 759 920 possent.
814 872 897 924 lnde
917 873 978 916 est,
1007 872 1098 919 quod
1115 872 1261 920 legentes
1278 875 1402 919 primos
1457 878 1459 883 ⁴

239 938 363 971 Liviani
386 927 495 982 operis
513 934 615 971 libros
638 933 732 970 facile
756 933 962 981 dispicimus,
995 934 1087 970 illum
1105 934 1239 970 voluiffe
1262 935 1401 981 prodere
1450 940 1459 946 ’”
1480 950 1487 960 ·

238 998 326 1044 quasi
346 997 482 1032 vtabulas
507 985 627 1044 aliquas
652 997 774 1043 pristini
794 1008 905 1031 rerum
933 997 1038 1040 statu'5‚
1084 1008 1219 1044 quarum
1243 1009 1400 1045 quaeque,

236 1070 274 1094 ut
289 1060 430 1105 priscum
444 1069 529 1105 opus
545 1060 681 1093 referret
696 1057 797 1092 lineas
815 1059 846 1093 ἀ
862 1057 991 1093 colores
1009 1060 1187 1105 antiquitati
1206 1050 1399 1094 convenien-

235 1131 295 1157 tes.
317 1156 322 1159 ,
351 1124 396 1156 Ut
419 1131 567 1167 quaeque
593 1132 645 1156 res
668 1120 837 1163 acciderit,
875 1120 1149 1168 quomodoiinde
1179 1120 1335 1170 nonnulla
1363 1125 1398 1159 in

236 1191 364 1219 morem
383 1177 537 1224 abierint,
573 1182 607 1216 id
630 1183 804 1217 narrationi
823 1182 910 1228 quali
932 1190 967 1216 ut
987 1180 1147 1215 emblema
1166 1183 1328 1228 quoddam
1352 1187 1397 1219 in-
1438 1184 1448 1189 “

231 1245 337 1280 serere
358 1246 442 1279 ratio
467 1243 515 1279 illi
532 1243 709 1279 videbatur.
769 1241 917 1278 Inxlibris
946 1245 1088 1291 quinque
1110 1246 1222 1290 primis
1250 1248 1395 1292 origines

230 1317 341 1339 rerum
362 1305 458 1340 nobis
484 1303 643 1351 expositas
665 1305 839 1355 videmus&
860 1306 949 1351 quasi
976 1306 1090 1347 seriem
1117 1305 1255 1353 aliquam
1277 1309 1395 1344 tabula-

229 1379 303 1403 rum
322 1369 357 1402 in
374 1369 457 1419 atrio
478 1362 620 1414 quodam
633 1368 767 1414 antiquo
785 1363 1033 1414 pro'pofitarum.
1080 1369 1164 1418 Quis
1182 1369 1280 1404 nescit
1303 1382 1329 1405 e.
1350 1383 1393 1417 g.,

227 1424 379 1463 in'rebus
400 1429 495 1463 sacris
521 1422 659 1474 plurima
687 1428 810 1474 casibus
835 1429 1026 1475 quibusdam
1056 1432 1217 1474 originem
1243 1433 1392 1469 debuisse.

227 1492 315 1524 Hinc
338 1492 373 1524 in
396 1490 437 1526 iis
461 1489 661 1531 enarrandis,
695 1500 777 1535 quae
800 1501 876 1524 cum
901 1490 990 1523 casus
1014 1490 1068 1524 istiv
1089 1479 1390 1538 essent-obliterari,

225 1553 364 1586 omnino
400 1550 566 1597 explicasse
597 1549 787 1596 perdifficile
817 1559 900 1592 erat,
940 1561 1037 1596 quam
1060 1554 1329 1590 accuratissimum
1358 1558 1390 1592 se

217 1603 381 1661 praebuit.
440 1614 517 1648 Non
542 1623 684 1655 tantum,
715 1611 845 1659 quando
869 1612 1034 1647 sacrorum
1059 1616 1189 1660 quaevis
1209 1627 1281 1661 pnrs
1303 1619 1390 1655 foret

221 1676 377 1717 instituta,
408 1675 579 1718 indicavit,
616 1675 817 1720 addiditque,
853 1686 936 1721 quae
960 1686 1081 1713 eorum
1111 1678 1297 1722 manserint,
1334 1682 1388 1717 sed

223 1738 321 1770 etiam
347 1725 566 1771 narrationem
594 1734 856 1781 verisimillimam
884 1736 1057 1782 quomodo
1087 1737 1211 1773 sacrum
1232 1742 1386 1790 quodque

221 1796 298 1832 effet
316 1806 443 1840 ortum,
474 1797 647 1844 quomodo
670 1795 895 1832 austoritatem
915 1797 1012 1832 suerit
1036 1797 1206 1844 adeptum,
1241 1802 1384 1846 subjecit.

220 1860 271 1891 Sic
294 1860 476 1893 narratione
495 1859 567 1893 satis
586 1859 717 1903 copiosa
743 1859 898 1900 ostendit,
936 1861 991 1904 qui
1016 1860 1181 1903 acciderit,
1220 1874 1256 1897 ut
1273 1847 1382 1900 Romu'.

218 1918 266 1953 lus
283 1930 353 1953 una·
363 1917 458 1965 sacra
478 1922 645 1965 peregrina
670 1920 874 1954 Pinariorum
895 1920 926 1953 &
946 1916 1140 1955 Potitiorum
1150 1921 1319 1969 Jitsceperit.
1340 1909 1382 1972 *j

217 1983 472 2015 Grammaticum
496 1980 637 2027 aliquem
657 1981 728 2015 satis
746 1980 865 2016 habere
884 1980 973 2027 poss'e
989 1992 1098 2027 putat,
1129 1984 1152 2018 sl
1178 1997 1228 2019 ex·
1242 1987 1381 2033 vestigiis

214 2040 409 2089 quibusdam
419 2054 525 2088 paene
542 2041 698 2077 obsoletis
723 2041 911 2086 conjedlura
927 2042 1040 2078 subtili'
1051 2046 1270 2091 exquisiverit,
1296 2050 1381 2084 unde

214 2106 349 2138 nomina
368 2115 548 2154 augurum,
577 2105 947 2150 instrumentorumque,
972 2115 1054 2150 quae
1073 2106 1300 2152 adhibuiffent;
1326 2124 1380 2146 un-
1408 2151 1410 2153 ,

201 2163 254 2198 'de
273 2166 354 2198 ritus
371 2166 514 2209 primum
540 2174 632 2198 ortus
652 2158 713 2203 effe
738 2165 888 2199 tradatur.
941 2167 1052 2201 Livius
1079 2179 1159 2203 vero
1178 2168 1318 2205 lca-stores
1338 2175 1378 2208 in

202 2218 283 2259 *rem
303 2224 520 2270 praesentem,
550 2227 768 2260 narrationem
789 2225 927 2272 aliquam
948 2238 1016 2261 non
1036 2237 1169 2264 tenuem
1190 2242 1303 2266 verum
1323 2245 1377 2268 co-

208 2285 332 2332 piosam
352 2286 581 2329 contexendo,
606 2285 746 2322 deducit
804 2290 941 2332 „Augur
960 2306 1008 2312 -
1032 2288 1181 2333 signum,
1215 2300 1294 2338 quo
1306 2293 1375 2330 lon-

208 2348 334 2392 giffime
356 2346 567 2393 conspec'tum
587 2347 732 2383 ferebant
751 2347 856 2390 oculi,
884 2350 995 2387 animo
1012 2348 1130 2384 finivit:
1155 2354 1262 2396 Tum,
1289 2353 1373 2392 lituo

205 2410 237 2442 in
261 2407 385 2443 laevam
402 2420 536 2444 manum
556 2408 726 2452 translato,
758 2401 868 2445 deictra
888 2411 922 2443 in
946 2410 1050 2454 capite
1070 2413 1197 2448 Numae
1213 2417 1373 2463 imposita,

751 2524 753 2526 K
1263 2491 1370 2524 preca-

520 2546 1369 2566 --——-——-——.-——„

264 2587 288 2620 ⁶)
307 2587 356 2612 Liv.
375 2586 389 2612 l.
412 2595 430 2612 ι.
449 2594 468 2612 t.
487 2593 511 2619 7.
