1623 3160
86 318 195 359 20'

253 414 362 438 rerum
382 391 603 438 matronarum
626 402 731 437 modo
759 402 1000 444 Romanarum,
1036 401 1141 442 modo
1171 390 1353 439 exterarum
1375 404 1421 438 in-

251 473 419 506 terventu,
438 463 526 510 quasi
544 461 737 509 quibusdam
754 461 928 504 machinis,
953 454 1013 499 suo
1027 461 1106 502 loco
1125 473 1285 507 movere,
1298 462 1419 524 moliri,

251 524 304 560 vel
323 524 434 560 saltem
454 524 665 569 distinguere,
688 525 724 559 &·
738 522 894 559 extollere
912 525 1007 559 amet.

342 580 420 621 Non
438 584 486 620 illi
505 587 635 620 veniam
659 583 766 621 solum
792 583 843 619 ab·
859 584 1044 631 aequalibus
1062 594 1205 631 paratam
1228 584 1319 620 fuiffe
1345 597 1416 621 een·

239 633 331 690 scas,
360 649 463 693 quum
482 644 650 688 mulieres,
673 655 722 681 ut
736 646 888 680 omm’um
907 647 1088 680 attentione
1109 646 1239 691 dignas,
1268 648 1299 681 &
1317 650 1411 681 meri-

247 718 285 744 to
303 709 486 743 narratione
504 706 559 742 sua
576 706 750 749 ornandas,
777 714 857 741 tum
865 706 1059 754 introducit,
1092 718 1194 754 quum
1211 708 1246 742 in
1268 708 1308 742 iis
1324 707 1412 743 stete-

246 779 312 812 rat,
341 778 377 804 ut
395 766 593 813 mutationes
610 765 810 812 g³rav1ffunae
832 767 1082 815 susciperentur,
1111 770 1143 803 &
1162 769 1408 805 conficerentur.

244 826 366 866 Nonne
385 831 496 877 potius
517 837 589 864 tum
608 839 685 865 eum
709 827 817 864 feciffe
837 828 1015 872 dicemus,'
1032 828 1124 875 quod
1146 832 1252 874 gnavis
1276 830 1309 864 ’δι
1332 841 1409 865 con·
1437 831 1439 835 '

245 894 333 926 cinni
352 881 496 925 historici
515 892 604 925 erat?
636 890 864 925 concedemus
884 891 990 926 fotian
1011 891 1112 933 adeo,
1144 892 1328 926 srnimium
1340 905 1407 927 -or-

244 962 374 995 natum,
401 952 433 986 δε
451 952 508 999 qui
530 949 688 998 reliquam
710 952 927 985 narrationem
945 950 1034 997 quafi
1050 950 1241 1001 obumbret,
1265 951 1320 986 tali
1340 952 1403 987 sce-

243 1027 305 1049 nae
326 1014 465 1057 dederit3
498 1015 683 1048 Lucretiam
706 1015 816 1059 itaque
840 1013 885 1048 fic
902 1023 1081 1058 proponat,
1114 1024 1151 1049 ut
1172 1014 1259 1060 quasi
1275 1014 1340 1060 ipse
1357 1017 1405 1050 in-

241 1073 383 1109 terfuiss'e
401 1072 563 1114 thalamo,
593 1083 656 1119 qua
672 1072 727 1106 illa
750 1075 900 1118 perierit,
929 1073 1104 1108 interfuisse
1122 1077 1237 1115 morti,
1264 1086 1326 1120 qua
1345 1077 1402 1109 Ξ-ηι

239 1135 470 1171 mortalitatem
500 1132 560 1169 fibi
588 1124 749 1179 pepererit
774 1133 934 1179 reputari,
968 1132 1115 1169 intereffe
1144 1133 1239 1169 fimul
1262 1134 1402 1172 letior&

239 1196 324 1230 velle
343 1196 497 1229 videatur.
542 1198 575 1228 P.
598 1196 777 1238 virginiam
795 1194 835 1238 ἰ)
859 1193 1117 1237 αλεοήΐεεΙοταω
1137 1195 1322 1230 decemviro
1342 1199 1401 1232 stu-

236 1268 299 1303 pro
327 1258 359 1292 δε
383 1257 513 1292 [ervitio
536 1246 714 1297 addidlam,
754 1255 786 1289 &
809 1256 878 1289 1ion
900 1255 959 1290 nifi
981 1256 1068 1290 ferro
1091 1253 1218 1301 pectori
1232 1258 1400 1292 innocenti

235 1318 377 1352 immisso
405 1329 423 1351 a
448 1326 539 1362 patre
562 1316 801 1358 vindicandam,
830 1318 875 1350 ita
896 1316 1023 1362 pudore
1042 1319 1210 1361 virgineo,
1236 1320 1267 1364 ἀ
1293 1319 1399 1354 discri-

235 1381 326 1415 mine
346 1378 431 1425 ipso,
457 1380 556 1425 inque
574 1367 758 1416 discrimine
776 1377 857 1420 fide,
880 1379 1081 1420 innocentia,
1105 1380 1224 1425 pietate
1246 1379 1398 1423 celebret,

235 1440 330 1476 simul
349 1451 476 1485 patrem
495 1441 526 1473 &
543 1450 658 1473 omnes
675 1438 760 1473 illius
777 1438 884 1474 salutis
903 1440 1059 1474 studiosos
1079 1443 1122 1474 ita
1143 1440 1234 1475 vivos
1254 1443 1284 1476 &
1302 1454 1396 1487 agen-

234 1513 284 1537 tes
306 1504 341 1536 in
362 1501 490 1535 scenam
507 1499 682 1546 producat,
712 1508 748 1534 ut
768 1500 932 1545 Leffiugio
954 1501 1079 1542 nostro,
1107 1503 1162 1547 qui
1187 1501 1249 1536 tale
1268 1512 1396 1547 tragoe-

232 1563 303 1597 diae
331 1570 563 1606 argumentum
589 1569 773 1606 quaereret,
812 1561 962 1595 non-diu
984 1558 1226 1607 quaerendum,
1262 1576 1329 1598 non
1354 1565 1393 1598 ad

231 1623 335 1665 aliumj
349 1621 532 1665 amorem,
556 1621 596 1656 ad
612 1624 771 1656 Graecum
791 1621 951 1668 quendam
969 1623 1067 1656 fuerit
1087 1621 1307 1658 aberrandum.

325 1684 415 1732 Quid
432 1694 512 1718 vero
531 1692 699 1728 tantopere
725 1682 893 1725 attinebat,
925 1692 962 1717 ut
979 1685 1011 1717 P.
1030 1685 1231 1728 Scipionem,
1265 1687 1327 1727 jam
1351 1685 1390 1720 ab

228 1745 382 1781 omnibus
398 1743 528 1779 fatalem
545 1745 634 1791 quasi
645 1743 828 1778 liberandae
840 1743 1021 1791 Hispaniae,
1048 1743 1220 1791 Italiaeque
1233 1745 1389 1789 habiturn,

227 1808 292 1850 jam
311 1804 460 1840 sanctiori
478 1806 566 1851 quast
579 1807 613 1839 in
636 1806 774 1839 deorum
792 1804 1026 1839 immortalium
1044 1806 1255 1842 familiaritate
1272 1808 1388 1853 spedla-

226 1878 316 1911 tum,
348 1879 390 1902 eo
417 1865 521 1902 modo
546 1866 618 1912 post
638 1868 811 1900 maximam
838 1864 1007 1900 victoriam
1034 1868 1208 1913 impensius
1233 1868 1386 1912 laudaret,

226 1930 316 1975 quod
328 1928 500 1963 mulierem
516 1938 696 1969 externam,
722 1926 775 1961 alii
794 1929 882 1969 viro,
906 1930 962 1973 qui
977 1928 1195 1965 conciliandae
1211 1932 1385 1975 Hispaniae

224 2000 433 2026 momentum
457 1989 569 2024 afferre
596 1988 713 2034 posset,
741 1988 928 2034 desponsam
953 2000 1021 2024 non
1038 2000 1180 2035 raperet,
1207 1991 1260 2025 ied
1279 1991 1384 2027 lancie

222 2052 365 2087 habitam
384 2050 430 2085 illi
448 2050 609 2085 redderet.
661 2049 847 2095 Speciosam
865 2050 897 2084 ὅ(
913 2050 979 2085 hoc
999 2053 1156 2097 Scipionis
1178 2053 1381 2099 exemplum;

176 2093 178 2096 »
221 2112 343 2147 faustum
359 2112 439 2147 illud
454 2114 528 2156 Cyri
537 2102 575 2145 in
590 2112 729 2165 Panthea
746 2114 864 2145 iterum
877 2109 1065 2146 hominibus
1082 2114 1233 2160 prodidit.
1267 2115 1381 2149 Hadie-
1410 2119 1413 2123 '

221 2185 282 2210 nus
301 2172 492 2219 gloriosum.
546 2172 648 2222 Q}0d
668 2183 747 2206 vero
768 2174 895 2214 Livius,
930 2175 982 2207 cui
1003 2173 1042 2207 ad
1061 2173 1119 2208 alia
1140 2178 1250 2210 omnia
1268 2177 1381 2221 gravis·

219 2236 297 2270 sima
315 2247 424 2269 rerum
443 2234 519 2269 ess'et
538 2233 765 2275 festinandum,
789 2234 855 2268 hoc
869 2246 969 2268 unum
989 2234 1108 2270 fatstum
1127 2249 1186 2281 per
1205 2236 1378 2284 colloquia,

219 2299 449 2343 orationesque
469 2295 594 2342 plures,
634 2296 665 2329 δε
688 2298 884 2331 narrationes
912 2296 1093 2346 diduceret,
1123 2297 1189 2332 hoc
1215 2298 1288 2333 iane
1309 2311 1377 2334 non

1254 2362 1373 2398 modus

280 2504 581 2536 ⁶)L.3.c.⁴0——60·
